<?xml version="1.0" encoding="UTF-8"?>
<record xmlns="http://www.loc.gov/MARC21/slim" xmlns:xsi="http://www.w3.org/2001/XMLSchema-instance" xsi:schemaLocation="http://www.loc.gov/MARC21/slim http://www.loc.gov/standards/marcxml/schema/MARC21slim.xsd">
<leader>     nam a2200313 a 4500</leader>
<controlfield tag="001">001701073</controlfield>
<controlfield tag="003">NNU</controlfield>
<controlfield tag="005">20000330100453.5</controlfield>
<controlfield tag="008">830527s1955    le       b    001 0 ara d</controlfield>
<datafield tag="035" ind1="9" ind2=" ">
<subfield code="a">NYUb12249670</subfield>
</datafield>
<datafield tag="035" ind1=" " ind2=" ">
<subfield code="a">(MH)MHAZN94971HU</subfield>
</datafield>
<datafield tag="035" ind1=" " ind2=" ">
<subfield code="a">(OCoLC)30962814</subfield>
</datafield>
<datafield tag="035" ind1=" " ind2=" ">
<subfield code="a">(OCoLC)09553997</subfield>
</datafield>
<datafield tag="035" ind1=" " ind2=" ">
<subfield code="a">(CStRLIN)MAHGAZN94971-B</subfield>
</datafield>
<datafield tag="040" ind1=" " ind2=" ">
<subfield code="a">TxU</subfield>
<subfield code="c">TxU</subfield>
<subfield code="d">MH</subfield>
<subfield code="d">CStRLIN</subfield>
</datafield>
<datafield tag="050" ind1=" " ind2="4">
<subfield code="a">DS97.6.C4</subfield>
<subfield code="b">H3</subfield>
</datafield>
<datafield tag="100" ind1="1" ind2=" ">
<subfield code="a">Ḥaydar Aḥmad al-Shihābī, Amīr,</subfield>
<subfield code="d">1761?-1835?</subfield>
</datafield>
<datafield tag="245" ind1="1" ind2="0">
<subfield code="a">Tārīkh Aḥmad Bāshā al-Jazzār /</subfield>
<subfield code="c">lil-amīr Ḥaydar Aḥmad Shihāb ; Nasharahu wa-waḍaʻa muqaddimatahu wa-ḥawāshiyah wa-fahārisahu wa-alḥaqahu bi-dhayl tārīkhī Anṭūnyūs Shiblī, Aghnātyūs ʻAbduh Khalīfah.</subfield>
</datafield>
<datafield tag="246" ind1="3" ind2=" ">
<subfield code="a">Histoire dʼal-Jazzar</subfield>
</datafield>
<datafield tag="260" ind1=" " ind2=" ">
<subfield code="a">Beirut :</subfield>
<subfield code="b">Maktabat Anṭwān ;</subfield>
<subfield code="c">1955.</subfield>
</datafield>
<datafield tag="300" ind1=" " ind2=" ">
<subfield code="a">555, 7 p., [1] leaf of plates :</subfield>
<subfield code="b">facsims., geneal. table ;</subfield>
<subfield code="c">24 cm.</subfield>
</datafield>
<datafield tag="500" ind1=" " ind2=" ">
<subfield code="a">Added t.p. in French : Histoire dʼal-Jazzar.</subfield>
</datafield>
<datafield tag="500" ind1=" " ind2=" ">
<subfield code="a">Introduction in French.</subfield>
</datafield>
<datafield tag="504" ind1=" " ind2=" ">
<subfield code="a">Includes bibliographical references and indexes.</subfield>
</datafield>
<datafield tag="600" ind1="1" ind2="0">
<subfield code="a">Cezzâr, Ahmed,</subfield>
<subfield code="c">paşa,</subfield>
<subfield code="d">d. 1804.</subfield>
</datafield>
<datafield tag="700" ind1="1" ind2=" ">
<subfield code="a">Khalīfah, Ighnāṭiyūs ʻAbduh.</subfield>
</datafield>
<datafield tag="700" ind1="1" ind2=" ">
<subfield code="a">Shiblī, Anṭūniyūs.</subfield>
</datafield>
<datafield tag="OWN" ind1=" " ind2=" ">
<subfield code="a">GENERAL</subfield>
</datafield>
<datafield tag="950" ind1=" " ind2=" ">
<subfield code="l">BMAIN</subfield>
<subfield code="a">DS84</subfield>
<subfield code="b">.H33</subfield>
</datafield>
<datafield tag="955" ind1=" " ind2=" ">
<subfield code="l">BMAIN</subfield>
<subfield code="c">1</subfield>
<subfield code="r">003934877</subfield>
</datafield>
<datafield tag="998" ind1=" " ind2=" ">
<subfield code="s">9115</subfield>
</datafield>
<datafield tag="AVA" ind1=" " ind2=" ">
<subfield code="a">NYU50</subfield>
<subfield code="b">BOBST</subfield>
<subfield code="c">Main Collection</subfield>
<subfield code="d">DS84 .H33</subfield>
<subfield code="e">unavailable</subfield>
<subfield code="t">Unavailable</subfield>
<subfield code="f">1</subfield>
<subfield code="g">1</subfield>
<subfield code="h">N</subfield>
<subfield code="i">0</subfield>
<subfield code="j">MAIN</subfield>
<subfield code="k">0</subfield>
</datafield>
</record>
